<?xml version="1.0" encoding="UTF-8"?><record xmlns="http://www.loc.gov/MARC21/slim" xmlns:cinclude="http://apache.org/cocoon/include/1.0" xmlns:zs="http://www.loc.gov/zing/srw/">
  <leader>00583cz  a2200145n  4500</leader>
  <controlfield tag="001">n  82249837 </controlfield>
  <controlfield tag="003">DLC</controlfield>
  <controlfield tag="005">20081204075151.0</controlfield>
  <controlfield tag="008">840203n| acannaabn          |a ana      </controlfield>
  <datafield tag="010" ind1=" " ind2=" ">
    <subfield code="a">n  82249837 </subfield>
  </datafield>
  <datafield tag="035" ind1=" " ind2=" ">
    <subfield code="a">(OCoLC)oca01063166</subfield>
  </datafield>
  <datafield tag="040" ind1=" " ind2=" ">
    <subfield code="a">DLC</subfield>
    <subfield code="b">eng</subfield>
    <subfield code="c">DLC</subfield>
    <subfield code="d">OCoLC</subfield>
  </datafield>
  <datafield tag="110" ind1="1" ind2=" ">
    <subfield code="a">Liège (Belgium).</subfield>
    <subfield code="b">Echevinat de la qualité de la vie</subfield>
  </datafield>
  <datafield tag="410" ind1="2" ind2=" ">
    <subfield code="a">Echevinat de la qualité de la vie de la ville de Liège</subfield>
  </datafield>
  <datafield tag="670" ind1=" " ind2=" ">
    <subfield code="a">Conven. nat. sur la qualité de la vie (1979 : Liège, Belg.). Convention nationale sur la ... 1980:</subfield>
    <subfield code="b">t.p. (Echevinat de la qualité de la vie de la ville de Liège)</subfield>
  </datafield>
</record>